%----------------------------------------------------------
% Books
%----------------------------------------------------------
@book{kundur1994power,
  title={Power system stability and control},
  author={Kundur, Prabha and Balu, Neal J and Lauby, Mark G},
  volume={7},
  year={1994},
  publisher={McGraw-hill New York}
}

@article{krause2002sudhoff,
  title={Sudhoff,?Analysis of Electric Machinery and Drive Systems?},
  author={Krause, Paul C and Wasynczuk, Oleg},
  journal={IEEE ress},
  year={2002}
}

%----------------------------------------------------------
% Papers
%----------------------------------------------------------

@article{wang2010methods,
  title={Methods of interfacing rotating machine models in transient simulation programs},
  author={Wang, L and Jatskevich, J and Dinavahi, V and Dommel, HW and Martinez, JA and Strunz, K and Rioual, M and Chang, GW and Iravani, R},
  journal={IEEE Transactions on Power Delivery},
  volume={25},
  number={2},
  pages={891--903},
  year={2010},
  publisher={IEEE}
}

% eof